@misc{semantix_mt, 
title={Machine translation}, 
url={https://www.semantix.com/machine-translation}, 
urldate = {2021-11-11},
year = {},
journal={Semantix}
}

@misc{memsource_mt,
title={Machine Translation: A Comprehensive Guide: Memsource}, 
url={https://www.memsource.com/blog/a-comprehensive-guide-to-machine-translation/}, 
journal={Memsource website}, 
year={2021}, 
month={Feb}
}

@article{bahdanau2014neural,
  title={Neural machine translation by jointly learning to align and translate},
  author={Bahdanau, Dzmitry and Cho, Kyunghyun and Bengio, Yoshua},
  journal={arXiv preprint arXiv:1409.0473},
  year={2014}
}

@article{luong2015effective,
  title={Effective approaches to attention-based neural machine translation},
  author={Luong, Minh-Thang and Pham, Hieu and Manning, Christopher D},
  journal={arXiv preprint arXiv:1508.04025},
  year={2015}
}

@misc{giorgi_smam, 
title={Week 3: Sequence models \& Attention mechanism}, 
url={https://johngiorgi.github.io/deeplearning.ai-coursera-notes/sequence_models/week_3/}, 
journal={Week 3 - Deeplearning.ai - Coursera Course Notes}, 
author={Giorgi, John}
}

@article{manning2019cs224n,
  title={CS224n: Natural Language Processing with Deep Learning},
  author={Manning, Christopher and Socher, Richard and Fang, Guillaume Genthial and Mundra, Rohit},
  year={2019}
}

@article{neubig2017neural,
  title={Neural machine translation and sequence-to-sequence models: A tutorial},
  author={Neubig, Graham},
  journal={arXiv preprint arXiv:1703.01619},
  year={2017}
}

@misc{mattdeitke_sm,
title={Sequence Models}, 
url={https://mattdeitke.com/notes/cs230#pf5b}, 
author = {Deitke, Matt},
journal={Mattdeitke website}, 
year={2020}, 
month={Feb}
}

@inproceedings{elra-w0077,
  title={Nepali Translator},
  author={Duwal, Sharad and Manandhar, Amir and Maskey, Saurav and Hada, Subash},
  year={2019}
}

@inproceedings{tiedemann2012parallel,
  title={Parallel data, tools and interfaces in OPUS.},
  author={Tiedemann, J{\"o}rg},
  booktitle={Lrec},
  volume={2012},
  pages={2214--2218},
  year={2012},
  organization={Citeseer}
}

@misc{brownlee_2020, 
title={How to Develop a Neural Machine Translation System from Scratch}, 
url={https://machinelearningmastery.com/develop-neural-machine-translation-system-keras/}, 
journal={Machine Learning Mastery}, 
author={Brownlee, Jason}, 
year={2020}, 
month={Oct}
}

@misc{tensorflow_addons, 
title={TensorFlow Addons Networks : Sequence-to-Sequence NMT with Attention Mechanism}, 
url={https://www.tensorflow.org/addons/tutorials/networks_seq2seq_nmt}, 
journal={TensorFlow}
}

@misc{freecodecamp.org_2018, 
title={A history of machine translation from the Cold War to deep learning}, 
url={https://www.freecodecamp.org/news/a-history-of-machine-translation-from-the-cold-war-to-deep-learning-f1d335ce8b5/}, 
journal={freeCodeCamp.org}, 
publisher={freeCodeCamp.org}, 
author={freeCodeCamp.org}, 
year={2018}, 
month={Mar}
}

@misc{systran, 
title={What is Machine Translation? Rule Based vs. Statistical}, 
url={https://www.systransoft.com/systran/translation-technology/what-is-machine-translation/}, 
journal={SYSTRAN}
}

@article{hutchins2005history,
  title={The history of machine translation in a nutshell},
  author={Hutchins, John},
  journal={Retrieved December},
  volume={20},
  number={2009},
  pages={1--1},
  year={2005}
}

@inproceedings{sutskever2014sequence,
  title={Sequence to sequence learning with neural networks},
  author={Sutskever, Ilya and Vinyals, Oriol and Le, Quoc V},
  booktitle={Advances in neural information processing systems},
  pages={3104--3112},
  year={2014}
}

@inproceedings{saini2018neural,
  title={Neural machine translation for english to hindi},
  author={Saini, Sandeep and Sahula, Vineet},
  booktitle={2018 Fourth International Conference on Information Retrieval and Knowledge Management (CAMP)},
  pages={1--6},
  year={2018},
  organization={IEEE}
}



